
@article{berbel_analysis_2019,
	title = {Analysis of irrigation water tariffs and taxes in {Europe}},
	volume = {21},
	url = {https://iwaponline.com/wp/article-abstract/21/4/806/66838},
	number = {4},
	urldate = {2023-10-09},
	journal = {Water Policy},
	author = {Berbel, Julio and Borrego-Marin, M. Mar and Exposito, Alfonso and Giannoccaro, Giacomo and Montilla-Lopez, Nazaret M. and Roseta-Palma, Catarina},
	year = {2019},
	note = {Publisher: IWA Publishing},
	pages = {806--825},
	file = {Available Version (via Google Scholar):/Users/Benny/Zotero/storage/TENEWYC3/Berbel et al. - 2019 - Analysis of irrigation water tariffs and taxes in .pdf:application/pdf},
}

@techreport{burlig_energy_2021,
	title = {Energy, groundwater, and crop choice},
	url = {https://www.nber.org/papers/w28706},
	urldate = {2023-10-09},
	institution = {National Bureau of Economic Research},
	author = {Burlig, Fiona and Preonas, Louis and Woerman, Matt},
	year = {2021},
	file = {Available Version (via Google Scholar):/Users/Benny/Zotero/storage/VYJT2KRW/Burlig et al. - 2021 - Energy, groundwater, and crop choice.pdf:application/pdf},
}

@incollection{dinar_water_2015,
	address = {Cham},
	title = {Water {Pricing} in {France}: {Toward} {More} {Incentives} to {Conserve} {Water}},
	volume = {9},
	isbn = {978-3-319-16464-9 978-3-319-16465-6},
	shorttitle = {Water {Pricing} in {France}},
	url = {https://link.springer.com/10.1007/978-3-319-16465-6_8},
	language = {en},
	urldate = {2023-10-09},
	booktitle = {Water {Pricing} {Experiences} and {Innovations}},
	publisher = {Springer International Publishing},
	author = {Montginoul, Marielle and Loubier, Sébastien and Barraqué, Bernard and Agenais, Anne-Laurence},
	editor = {Dinar, Ariel and Pochat, Víctor and Albiac-Murillo, José},
	year = {2015},
	doi = {10.1007/978-3-319-16465-6_8},
	note = {Series Title: Global Issues in Water Policy},
	pages = {139--160},
	file = {Available Version (via Google Scholar):/Users/Benny/Zotero/storage/S8V8WNN2/Montginoul et al. - 2015 - Water Pricing in France Toward More Incentives to.pdf:application/pdf},
}

@incollection{dinar_water_2015-1,
	address = {Cham},
	title = {Water {Pricing} in {Italy}: {Beyond} {Full}-{Cost} {Recovery}},
	volume = {9},
	isbn = {978-3-319-16464-9 978-3-319-16465-6},
	shorttitle = {Water {Pricing} in {Italy}},
	url = {https://link.springer.com/10.1007/978-3-319-16465-6_11},
	language = {en},
	urldate = {2023-10-09},
	booktitle = {Water {Pricing} {Experiences} and {Innovations}},
	publisher = {Springer International Publishing},
	author = {Massarutto, Antonio},
	editor = {Dinar, Ariel and Pochat, Víctor and Albiac-Murillo, José},
	year = {2015},
	doi = {10.1007/978-3-319-16465-6_11},
	note = {Series Title: Global Issues in Water Policy},
	pages = {201--230},
	file = {Available Version (via Google Scholar):/Users/Benny/Zotero/storage/DK54TCLF/Massarutto - 2015 - Water Pricing in Italy Beyond Full-Cost Recovery.pdf:application/pdf},
}

@article{ouyang_assessing_2022,
	title = {Assessing the effectiveness and function of the water resources tax policy pilot in {China}},
	issn = {1573-2975},
	url = {https://doi.org/10.1007/s10668-022-02667-y},
	doi = {10.1007/s10668-022-02667-y},
	abstract = {Water resources tax is an important means to strengthen the integrated water resources management and water governance. The Chinese government started the Tax-for-Fee reform (Fei Gai Shui) in 2016 and piloted the water resources tax in ten provinces. After several years of practice, it is necessary to evaluate and summarize the effectiveness and impact of the water resources tax policy pilot in China. This study first analyzes the function of the water resources tax, built on the global development of water resources tax review. And then, this study reviewed the evolution of the water resources fee/tax policy in China and evaluated the effectiveness of the water resources tax reform. In addition, this study discussed critical success factors for the water resources tax pilot and analyzed crucial questions for further study. The results show that water resource utilization efficiency improved and water use structure optimized through the water resources tax incentives. This study might contribute toward making reasonable decisions in the water policy and governance fields not only in China but in other developing countries as well.},
	language = {en},
	urldate = {2023-10-10},
	journal = {Environment, Development and Sustainability},
	author = {Ouyang, Rulin and Mu, Enlin and Yu, Yibin and Chen, Ying and Hu, Jiangbo and Tong, Haoran and Cheng, Zhe},
	month = sep,
	year = {2022},
	keywords = {Policy evaluation, Tax-for-Fee reform, Water governance, Water resources tax},
	file = {Full Text PDF:/Users/Benny/Zotero/storage/A5KQFS89/Ouyang et al. - 2022 - Assessing the effectiveness and function of the wa.pdf:application/pdf},
}

@techreport{gawel_wasserentnahmeentgelt_2016,
	title = {Das {Wasserentnahmeentgelt} in {Baden}-{Württemberg}: {Bestandsaufnahme} und {Evaluierung}},
	shorttitle = {Das {Wasserentnahmeentgelt} in {Baden}-{Württemberg}},
	url = {https://www.econstor.eu/bitstream/10419/150975/1/880054719.pdf},
	urldate = {2023-10-10},
	institution = {UFZ-Bericht},
	author = {Gawel, Erik and Bretschneider, Wolfgang},
	year = {2016},
	file = {Available Version (via Google Scholar):/Users/Benny/Zotero/storage/BU22MVQW/Gawel und Bretschneider - 2016 - Das Wasserentnahmeentgelt in Baden-Württemberg Be.pdf:application/pdf},
}

@article{bund_wasserentnahmeentgelte_2019,
	title = {Die {Wasserentnahmeentgelte} der {Länder} – {Kurzgutachten} des {BUND}},
	language = {de},
	author = {BUND},
	year = {2019},
	file = {Bender - Laura von Vittorelli Gewässerpolitik Tel. 030-275.pdf:/Users/Benny/Zotero/storage/JPC5XTU2/Bender - Laura von Vittorelli Gewässerpolitik Tel. 030-275.pdf:application/pdf},
}

@incollection{lago_effluent_2015,
	address = {Cham},
	title = {Effluent {Tax} in {Germany}},
	volume = {14},
	isbn = {978-3-319-18286-5 978-3-319-18287-2},
	url = {https://link.springer.com/10.1007/978-3-319-18287-2_3},
	language = {en},
	urldate = {2023-10-10},
	booktitle = {Use of {Economic} {Instruments} in {Water} {Policy}},
	publisher = {Springer International Publishing},
	author = {Möller-Gulland, Jennifer and Lago, Manuel and McGlade, Katriona and Anzaldua, Gerardo},
	editor = {Lago, Manuel and Mysiak, Jaroslav and Gómez, Carlos M. and Delacámara, Gonzalo and Maziotis, Alexandros},
	year = {2015},
	doi = {10.1007/978-3-319-18287-2_3},
	note = {Series Title: Global Issues in Water Policy},
	pages = {21--38},
	file = {Available Version (via Google Scholar):/Users/Benny/Zotero/storage/96MG5QWI/Möller-Gulland et al. - 2015 - Effluent Tax in Germany.pdf:application/pdf},
}

@article{umweltbundesamt_weiterentwicklung_2011,
	title = {Weiterentwicklung von {Abwasserabgabe} und {Wasserentnahmeentgelten} zu einer umfassenden {Wassernutzungsabgabe}},
	language = {de},
	journal = {Umweltbundesamt},
	author = {Umweltbundesamt},
	year = {2011},
	file = {Endbericht (Entwurf) Förderkennzeichen (UFOPLAN) .pdf:/Users/Benny/Zotero/storage/X2FF9RFC/Endbericht (Entwurf) Förderkennzeichen (UFOPLAN) .pdf:application/pdf},
}

@article{reynaud_econometric_2003,
	title = {An econometric estimation of industrial water demand in {France}},
	volume = {25},
	url = {https://idp.springer.com/authorize/casa?redirect_uri=https://link.springer.com/article/10.1023/A:1023992322236&casa_token=k6C1cu8pTo0AAAAA:C7sAoa9XqJoY2s_CfWMF_v4tUSCDzPMaW3hrknOi-M0k8ExSiI1IxR6Jy802qntVQpCW2xhnj4-J-a9tPA},
	urldate = {2023-10-11},
	journal = {Environmental and Resource Economics},
	author = {Reynaud, Arnaud},
	year = {2003},
	note = {Publisher: Springer},
	pages = {213--232},
	file = {Available Version (via Google Scholar):/Users/Benny/Zotero/storage/9TTPJHYF/Reynaud - 2003 - An econometric estimation of industrial water dema.pdf:application/pdf},
}

@article{leflaive_addressing_2020,
	title = {Addressing the social consequences of tariffs for water supply and sanitation},
	url = {https://www.oecd-ilibrary.org/environment/addressing-the-social-consequences-of-tariffs-for-water-supply-and-sanitation_afede7d6-en},
	urldate = {2023-10-11},
	author = {Leflaive, Xavier and Hjort, Marit},
	year = {2020},
	note = {Publisher: OECD},
}

@article{bender_laura_nodate,
	title = {Laura von {Vittorelli} {Gewässerpolitik} {Tel}.: 030-27586-532 {E}-{Mail}: gewaesser@bund.net},
	language = {de},
	author = {Bender, Silvia},
	file = {Bender - Laura von Vittorelli Gewässerpolitik Tel. 030-275.pdf:/Users/Benny/Zotero/storage/RFZFWYK9/Bender - Laura von Vittorelli Gewässerpolitik Tel. 030-275.pdf:application/pdf},
}

@article{olmstead_climate_2014,
	title = {Climate change adaptation and water resource management: {A} review of the literature},
	volume = {46},
	shorttitle = {Climate change adaptation and water resource management},
	url = {https://www.sciencedirect.com/science/article/pii/S0140988313002004},
	urldate = {2023-10-11},
	journal = {Energy Economics},
	author = {Olmstead, Sheila M.},
	year = {2014},
	note = {Publisher: Elsevier},
	pages = {500--509},
	file = {Available Version (via Google Scholar):/Users/Benny/Zotero/storage/CFH27LDZ/S0140988313002004.html:text/html},
}

@article{renzetti_estimating_1992,
	title = {Estimating the structure of industrial water demands: the case of {Canadian} manufacturing},
	shorttitle = {Estimating the structure of industrial water demands},
	url = {https://www.jstor.org/stable/3146696},
	urldate = {2023-10-11},
	journal = {Land Economics},
	author = {Renzetti, Steven},
	year = {1992},
	note = {Publisher: JSTOR},
	pages = {396--404},
	file = {Available Version (via Google Scholar):/Users/Benny/Zotero/storage/B7MKSSJD/Renzetti - 1992 - Estimating the structure of industrial water deman.pdf:application/pdf},
}
